@software{Epsilon,
  author = {{Eclipse Foundation, Inc.}},
  title  = {Eclipse Epsilon},
  year   = {2023},
  url    = {https://github.com/eclipse/epsilon}
}

@software{Excel,
  author = {{Microsoft Corporation}},
  title  = {Microsoft Excel},
  year   = {2023},
  url    = {https://www.microsoft.com/en-ca/microsoft-365/excel}
}

@misc{nlab:judgment,
  author       = {{nLab authors}},
  title        = {judgment},
  howpublished = {\url{https://ncatlab.org/nlab/show/judgment}},
  note         = {\href{https://ncatlab.org/nlab/revision/judgment/32}{Revision 32}},
  month        = apr,
  year         = 2023
}

@misc{Paige7032023,
  author = {Paige, Richard},
  title  = {CAS 703 - Software Design},
  year   = {2023},
  note   = {A course at McMaster University during the Winter 2023 semester.}
}

@software{Xtext,
  author = {{Eclipse Foundation, Inc.}},
  title  = {Xtext},
  year   = {2023},
  url    = {https://github.com/eclipse/xtext}
}
